<?xml version="1.0" encoding="UTF-8" ?>
<collection xmlns:xsi="http://www.w3.org/2001/XMLSchema-instance" xsi:schemaLocation="http://www.loc.gov/MARC21/slim http://www.loc.gov/standards/marcxml/schema/MARC21slim.xsd" xmlns="http://www.loc.gov/MARC21/slim">
   <record>
      <leader>     cam a22     I  4500</leader>
      <controlfield tag="001">4431382</controlfield>
      <controlfield tag="003">NIC</controlfield>
      <controlfield tag="005">20130331101125.0</controlfield>
      <controlfield tag="008">810814s1970    iq       b    000 0 arar </controlfield>
      <datafield tag="010" ind1=" " ind2=" ">
         <subfield code="a">   74962187 </subfield>
      </datafield>
      <datafield tag="035" ind1=" " ind2=" ">
         <subfield code="a">(OCoLC)7669158</subfield>
      </datafield>
      <datafield tag="035" ind1=" " ind2=" ">
         <subfield code="a">4431382</subfield>
      </datafield>
      <datafield tag="040" ind1=" " ind2=" ">
         <subfield code="a">DLC</subfield>
         <subfield code="c">TKN</subfield>
         <subfield code="d">TKN</subfield>
         <subfield code="d">NIC</subfield>
      </datafield>
      <datafield tag="050" ind1="0" ind2=" ">
         <subfield code="a">BP88.I24</subfield>
         <subfield code="b">A68</subfield>
      </datafield>
      <datafield tag="100" ind1="1" ind2=" ">
         <subfield code="a">Ibn Babawayh, Muḥammad ibn ʻAlī,</subfield>
         <subfield code="d">-991 or 992.</subfield>
      </datafield>
      <datafield tag="245" ind1="1" ind2="0">
         <subfield code="a">Amālī al-Ṣadūq,</subfield>
         <subfield code="c">li-Abī Jaʻfar al-Ṣadūq Muḥammad ibn ʻAlī ibn al-Husayn ibn Babawayh al-Qummī.  Qaddam lahā Muḥammad Mahdī Ḥasan al-Mūsuwī al-kharsān.</subfield>
      </datafield>
      <datafield tag="260" ind1=" " ind2=" ">
         <subfield code="a">al-Najaf :</subfield>
         <subfield code="b">al-Miṭbaʻah al-Ḥaydarīyah,</subfield>
         <subfield code="c">1970.</subfield>
      </datafield>
      <datafield tag="300" ind1=" " ind2=" ">
         <subfield code="a">48, 615 p.</subfield>
         <subfield code="c">25 cm.</subfield>
      </datafield>
      <datafield tag="500" ind1=" " ind2=" ">
         <subfield code="a">Known also under title: ʻArḍ al-majalis or al-majalis.</subfield>
      </datafield>
      <datafield tag="504" ind1=" " ind2=" ">
         <subfield code="a">Bibliographical footnotes.</subfield>
      </datafield>
      <datafield tag="650" ind1=" " ind2="0">
         <subfield code="a">Shiite literature.</subfield>
      </datafield>
      <datafield tag="700" ind1="1" ind2=" ">
         <subfield code="a">al-Kharsān, Muḥammad Mahdī.</subfield>
      </datafield>
      <datafield tag="948" ind1="2" ind2=" ">
         <subfield code="a">20021028</subfield>
         <subfield code="b">x</subfield>
         <subfield code="d">batch</subfield>
         <subfield code="e">cts</subfield>
      </datafield>
      <datafield tag="948" ind1="3" ind2=" ">
         <subfield code="a">20021028</subfield>
         <subfield code="h">recon1</subfield>
         <subfield code="i">edx.mars.coo.ftp.v02m1002.cc.bib</subfield>
      </datafield>
      <datafield tag="948" ind1="2" ind2=" ">
         <subfield code="a">20100702</subfield>
         <subfield code="b">m</subfield>
         <subfield code="d">batch</subfield>
         <subfield code="e">lts</subfield>
         <subfield code="x">del9XXtxt</subfield>
      </datafield>
      <datafield tag="995" ind1=" " ind2=" ">
         <subfield code="a">Hivolm</subfield>
         <subfield code="d">20100702</subfield>
      </datafield>
      <datafield tag="903" ind1=" " ind2=" ">
         <subfield code="a">NYUACO</subfield>
         <subfield code="d">20140514</subfield>
         <subfield code="p">31924029169469</subfield>
      </datafield>
      <datafield tag="950" ind1=" " ind2=" ">
         <subfield code="a">BP88.I132</subfield>
         <subfield code="b">A4</subfield>
         <subfield code="v"> </subfield>
      </datafield>
   </record>
</collection>
